<record><leader>00000cas a22000007a 4500</leader><controlfield tag="001">9627688</controlfield><controlfield tag="008">830621d18701876nyuwr ne      0    0eng d</controlfield><controlfield tag="009">3781</controlfield><datafield ind1=" " ind2=" " tag="010"><subfield code="a">sn 83030669 </subfield></datafield><datafield ind1=" " ind2=" " tag="040"><subfield code="a">NPU</subfield><subfield code="b">eng</subfield><subfield code="c">NPU</subfield><subfield code="d">NPX</subfield><subfield code="d">NYS</subfield><subfield code="d">OCLCQ</subfield></datafield><datafield ind1="1" ind2=" " tag="029"><subfield code="a">AU@</subfield><subfield code="b">000025826525</subfield></datafield><datafield ind1=" " ind2=" " tag="042"><subfield code="a">msc</subfield></datafield><datafield ind1="0" ind2="4" tag="245"><subfield code="a">The Arcade times.</subfield></datafield><datafield ind1=" " ind2=" " tag="260"><subfield code="a">Arcade, N.Y. :</subfield><subfield code="b">W. &amp; E.C. Wade</subfield></datafield><datafield ind1=" " ind2=" " tag="300"><subfield code="a">v. ;</subfield><subfield code="c">71 cm.</subfield></datafield><datafield ind1=" " ind2=" " tag="310"><subfield code="a">Weekly</subfield></datafield><datafield ind1="0" ind2=" " tag="362"><subfield code="a">Vol. 1, no. 1 (Dec. 9, 1870)-v. 6, no. 46 (Oct. 19, 1876).</subfield></datafield><datafield ind1=" " ind2=" " tag="500"><subfield code="a">Published at: Arcade, N.Y., 1870-&lt;1875&gt;; at Warsaw, N.Y., &lt;1876&gt;.</subfield></datafield><datafield ind1=" " ind2=" " tag="500"><subfield code="a">Publishers: E.C. Wade, &lt;1870&gt;; S. Wilson Wade, &lt;1875&gt;.</subfield></datafield><datafield ind1=" " ind2=" " tag="500"><subfield code="a">Editor: S. Wilson Wade, &lt;1873-1876&gt;.</subfield></datafield><datafield ind1=" " ind2=" " tag="500"><subfield code="a">"Democratic," &lt;1876&gt;.</subfield></datafield><datafield ind1=" " ind2=" " tag="515"><subfield code="a">Vol. 2, no. 1 (Dec. 8, 1871) misnumbered as v. 1, no. 1.</subfield></datafield><datafield ind1=" " ind2="4" tag="651"><subfield code="a">Warsaw (N.Y.)</subfield><subfield code="v">Newspapers.</subfield></datafield><datafield ind1=" " ind2="4" tag="651"><subfield code="a">Arcade (N.Y.)</subfield><subfield code="v">Newspapers.</subfield></datafield><datafield ind1=" " ind2=" " tag="752"><subfield code="a">United States</subfield><subfield code="b">New York</subfield><subfield code="c">Wyoming</subfield><subfield code="d">Warsaw.</subfield></datafield><datafield ind1=" " ind2=" " tag="752"><subfield code="a">United States</subfield><subfield code="b">New York</subfield><subfield code="c">Wyoming</subfield><subfield code="d">Arcade.</subfield></datafield><datafield ind1="0" ind2="0" tag="785"><subfield code="t">Wyoming County times</subfield><subfield code="w">(DLC)sn 84035923</subfield></datafield></record>